<record><leader>00000cas a2200000 a 4500</leader><controlfield tag="001">70552786</controlfield><controlfield tag="006">m     o  d        </controlfield><controlfield tag="007">cr anu||||||||</controlfield><controlfield tag="008">060717d18161816mauwr nso     0    0eng c</controlfield><datafield ind1=" " ind2=" " tag="010"><subfield code="a">  2008233787</subfield></datafield><datafield ind1=" " ind2=" " tag="040"><subfield code="a">APSON</subfield><subfield code="b">eng</subfield><subfield code="c">APSON</subfield><subfield code="d">GUA</subfield><subfield code="d">OCLCQ</subfield><subfield code="d">OCLCF</subfield></datafield><datafield ind1=" " ind2=" " tag="019"><subfield code="a">86112526</subfield><subfield code="a">319796097</subfield></datafield><datafield ind1="1" ind2=" " tag="029"><subfield code="a">AU@</subfield><subfield code="b">000044943721</subfield></datafield><datafield ind1="1" ind2=" " tag="029"><subfield code="a">AU@</subfield><subfield code="b">000045734352</subfield></datafield><datafield ind1=" " ind2=" " tag="042"><subfield code="a">pcc</subfield></datafield><datafield ind1=" " ind2=" " tag="043"><subfield code="a">n-us-ma</subfield></datafield><datafield ind1="1" ind2="4" tag="050"><subfield code="a">BX7101</subfield></datafield><datafield ind1="0" ind2=" " tag="130"><subfield code="a">Recorder (Boston, Mass. : Online)</subfield></datafield><datafield ind1="1" ind2="4" tag="245"><subfield code="a">The Recorder</subfield><subfield code="h">[electronic resource].</subfield></datafield><datafield ind1=" " ind2=" " tag="260"><subfield code="a">Boston [Mass.] :</subfield><subfield code="b">Nathaniel Willis,</subfield><subfield code="c">1816.</subfield></datafield><datafield ind1=" " ind2=" " tag="310"><subfield code="a">Weekly</subfield></datafield><datafield ind1="0" ind2=" " tag="362"><subfield code="a">Vol. 1, no. 1 (Jan. 3, 1816)-v. 1, no. 52 (Dec. 24, 1816).</subfield></datafield><datafield ind1=" " ind2=" " tag="500"><subfield code="a">Title from pdf caption (ProQuest APS Online, viewed May 30, 2008).</subfield></datafield><datafield ind1=" " ind2=" " tag="530"><subfield code="a">Also issued in print and on microform.</subfield></datafield><datafield ind1=" " ind2=" " tag="538"><subfield code="a">Mode of access: World Wide Web.</subfield></datafield><datafield ind1=" " ind2="0" tag="651"><subfield code="a">Boston (Mass.)</subfield><subfield code="v">Newspapers.</subfield></datafield><datafield ind1=" " ind2="0" tag="651"><subfield code="a">Suffolk County (Mass.)</subfield><subfield code="v">Newspapers.</subfield></datafield><datafield ind1=" " ind2="7" tag="655"><subfield code="a">Newspapers.</subfield><subfield code="2">fast</subfield><subfield code="0">(OCoLC)fst01423814</subfield></datafield><datafield ind1=" " ind2="7" tag="651"><subfield code="a">Massachusetts</subfield><subfield code="z">Boston.</subfield><subfield code="2">fast</subfield><subfield code="0">(OCoLC)fst01205012</subfield></datafield><datafield ind1=" " ind2="7" tag="651"><subfield code="a">Massachusetts</subfield><subfield code="z">Suffolk County.</subfield><subfield code="2">fast</subfield><subfield code="0">(OCoLC)fst01206189</subfield></datafield><datafield ind1=" " ind2=" " tag="752"><subfield code="a">United States</subfield><subfield code="b">Massachusetts</subfield><subfield code="c">Suffolk</subfield><subfield code="d">Boston.</subfield></datafield><datafield ind1="1" ind2=" " tag="776"><subfield code="t">Recorder (Boston, Mass.)</subfield><subfield code="w">(DLC)sn 85047619</subfield><subfield code="w">(OCoLC)7792053</subfield></datafield><datafield ind1="0" ind2="0" tag="785"><subfield code="t">Boston recorder (Boston, Mass. : 1817 : Online)</subfield><subfield code="w">(DLC)  2008233788</subfield><subfield code="w">(OCoLC)49972286</subfield></datafield><datafield ind1="4" ind2="0" tag="856"><subfield code="u">http://proquest.umi.com/pdqweb</subfield></datafield><datafield ind1="4" ind2="0" tag="856"><subfield code="u">http://infoweb.newsbank.com/?db=EANX&amp;s_browseRef=decades/109E455E6E63DEA8/all.xml</subfield></datafield></record>